<record><leader>00000cas a22000007a 4500</leader><controlfield tag="001">28320679</controlfield><controlfield tag="008">930624d19071911mouwr ne      0    0eng d</controlfield><datafield ind1=" " ind2=" " tag="010"><subfield code="a">sn 93059996 </subfield></datafield><datafield ind1=" " ind2=" " tag="040"><subfield code="a">MQN</subfield><subfield code="b">eng</subfield><subfield code="c">MQN</subfield><subfield code="d">OCLCQ</subfield></datafield><datafield ind1=" " ind2=" " tag="042"><subfield code="a">msc</subfield></datafield><datafield ind1="0" ind2="0" tag="245"><subfield code="a">Weekly Democrat-sentinel.</subfield></datafield><datafield ind1=" " ind2=" " tag="260"><subfield code="a">Sedalia, Mo. :</subfield><subfield code="b">Sedalia Democrat Co.,</subfield><subfield code="c">1907-1911.</subfield></datafield><datafield ind1=" " ind2=" " tag="300"><subfield code="a">v.</subfield></datafield><datafield ind1=" " ind2=" " tag="310"><subfield code="a">Weekly</subfield></datafield><datafield ind1="0" ind2=" " tag="362"><subfield code="a">-&lt;v. 39, no. 3 (Jan. 18, 1907)&gt; ; v. 1, no. 5 (Feb. 1, 1907)-v. 5, no. 54 (Dec. 29, 1911).</subfield></datafield><datafield ind1=" " ind2=" " tag="580"><subfield code="a">Daily ed.: Sedalia Democrat-sentinel.</subfield></datafield><datafield ind1=" " ind2=" " tag="588"><subfield code="a">Description based on: Vol. 39, no. 3 (Jan. 18, 1907).</subfield></datafield><datafield ind1=" " ind2="4" tag="651"><subfield code="a">Sedalia (Mo.)</subfield><subfield code="v">Newspapers.</subfield></datafield><datafield ind1=" " ind2=" " tag="752"><subfield code="a">United States</subfield><subfield code="b">Missouri</subfield><subfield code="c">Pettis</subfield><subfield code="d">Sedalia.</subfield></datafield><datafield ind1="1" ind2=" " tag="775"><subfield code="t">Sedalia Democrat-sentinel</subfield><subfield code="w">(DLC)sn 90061030</subfield></datafield><datafield ind1="0" ind2="4" tag="780"><subfield code="t">Sedalia sentinel (Sedalia, Mo. : Weekly)</subfield><subfield code="w">(DLC)sn 90061087</subfield></datafield><datafield ind1="0" ind2="4" tag="780"><subfield code="t">Sedalia weekly Democrat (Sedalia, Mo. : 1872)</subfield><subfield code="w">(DLC)sn 85034089</subfield></datafield><datafield ind1="0" ind2="0" tag="785"><subfield code="t">Sedalia weekly Democrat (Sedalia, Mo. : 1912)</subfield><subfield code="w">(DLC)sn 93059997</subfield></datafield><datafield ind1="1" ind2=" " tag="029"><subfield code="a">AU@</subfield><subfield code="b">000025857974</subfield></datafield></record>